

%%%%%%%%%%%%%%%%%%%%%%%%%% MISC - Einführung %%%%%%%%%%%%%%%%%%%%%%%%%%%%
@article{frisoni2011, title={Revised NIA-AA criteria for the diagnosis of Alzheimer's disease: a step forward but not yet ready for widespread clinical use}, volume={23}, DOI={10.1017/S1041610211001220}, number={8}, journal={International Psychogeriatrics}, publisher={Cambridge University Press}, author={Frisoni, Giovanni B. and Winblad, Bengt and O'Brien, John T.}, year={2011}, pages={1191–1196}}

@article{jackNIAAAResearchFramework2018,
  title = {{{NIA}}-{{AA Research Framework}}: {{Toward}} a Biological Definition of {{Alzheimer}}'s Disease},
  shorttitle = {{{NIA}}-{{AA Research Framework}}},
  author = {Jack, Clifford R. and Bennett, David A. and Blennow, Kaj and Carrillo, Maria C. and Dunn, Billy and Haeberlein, Samantha Budd and Holtzman, David M. and Jagust, William and Jessen, Frank and Karlawish, Jason and Liu, Enchi and Molinuevo, Jose Luis and Montine, Thomas and Phelps, Creighton and Rankin, Katherine P. and Rowe, Christopher C. and Scheltens, Philip and Siemers, Eric and Snyder, Heather M. and Sperling, Reisa and Elliott, Cerise and Masliah, Eliezer and Ryan, Laurie and Silverberg, Nina},
  date = {2018-04-01},
  journaltitle = {Alzheimer's \& Dementia},
  shortjournal = {Alzheimer's \& Dementia},
  volume = {14},
  pages = {535--562},
  issn = {1552-5260},
  doi = {10.1016/j.jalz.2018.02.018},
  url = {https://www.sciencedirect.com/science/article/pii/S1552526018300724},
  urldate = {2021-05-06},
 
  number = {4}
}
@article{ahmedHistoryPerspectiveHow2021,
  title = {History in Perspective: {{How Alzheimer}}'s {{Disease}} Came to Be Where It Is?},
  shorttitle = {History in Perspective},
  author = {Ahmed, Tehniat F. and Ahmed, Affan and Imtiaz, Fauzia},
  date = {2021-05-01},
  journaltitle = {Brain Research},
  shortjournal = {Brain Research},
  volume = {1758},
  pages = {147342},
  issn = {0006-8993},
  doi = {10.1016/j.brainres.2021.147342},
  url = {https://www.sciencedirect.com/science/article/pii/S0006899321000676},
  urldate = {2021-04-14},
  
  langid = {english}
}
@ARTICLE{8267050,
  author={S. {Leandrou} and S. {Petroudi} and P. A. {Kyriacou} and C. C. {Reyes-Aldasoro} and C. S. {Pattichis}},
  journal={IEEE Reviews in Biomedical Engineering}, 
  title={Quantitative MRI Brain Studies in Mild Cognitive Impairment and Alzheimer's Disease: A Methodological Review}, 
  year={2018},
  volume={11},
  number={},
  pages={97-111},
  doi={10.1109/RBME.2018.2796598}}
 
@article{SCHELTENS2021,
title = {Alzheimer's disease},
journal = {The Lancet},
year = {2021},
issn = {0140-6736},
doi = {https://doi.org/10.1016/S0140-6736(20)32205-4},
url = {https://www.sciencedirect.com/science/article/pii/S0140673620322054},
author = {Philip Scheltens and Bart {De Strooper} and Miia Kivipelto and Henne Holstege and Gael Chételat and Charlotte E Teunissen and Jeffrey Cummings and Wiesje M {van der Flier}},

}  

@Online{Europe,
    author = {{Alzheimer Europe}},
  title  = {Dementia in Europe Yearbook 2019: estimating
the prevalence of dementia in Europe},
  url    = {https://www.alzheimer-europe.org/Publications/Dementia-in-Europe-Yearbooks},
  urldate  = {2021-04-13}
}  

@Online{AZ,
    author = {{Alzheimer's Disease International}},
  title  = {World Alzheimer Report 2018: The state of the art of dementia research: New frontiers},
  url    = {https://www.alzint.org/u/WorldAlzheimerReport2018.pdf},
  urldate  = {2021-04-13}
}  


@article{nanniComparisonTransferLearning2020,
  title = {Comparison of {{Transfer Learning}} and {{Conventional Machine Learning Applied}} to {{Structural Brain MRI}} for the {{Early Diagnosis}} and {{Prognosis}} of {{Alzheimer}}'s {{Disease}}},
  author = {Nanni, Loris and Interlenghi, Matteo and Brahnam, Sheryl and Salvatore, Christian and Papa, Sergio and Nemni, Raffaello and Castiglioni, Isabella},
  date = {2020-11-05},
  journaltitle = {Frontiers in Neurology},
  shortjournal = {Front Neurol},
  volume = {11},
  issn = {1664-2295},
  doi = {10.3389/fneur.2020.576194},
  url = {https://www.ncbi.nlm.nih.gov/pmc/articles/PMC7674838/},
  urldate = {2021-04-14},
  
}
%%%%%%%%%%%%%%%%%%%%%%%%%%%%%%%%%%%%%%%%%%%%%%%%%%%%%%%%%%%%%%%%%%%%

@article{islamBrainMRIAnalysis2018,
  title = {Brain {{MRI}} Analysis for {{Alzheimer}}'s Disease Diagnosis Using an Ensemble System of Deep Convolutional Neural Networks},
  author = {Islam, Jyoti and Zhang, Yanqing},
  year = {2018},
  month = may,
  volume = {5},
  pages = {2},
  issn = {2198-4026},
  doi = {10.1186/s40708-018-0080-3},
  journal = {Brain Informatics},
  keywords = {Alzheimer’s disease,Brain imaging,Convolutional neural network,Deep learning,MRI,Neurological disorder},
  number = {2}
}

@article{joDeepLearningAlzheimer2019,
	title = {Deep {Learning} in {Alzheimer}'s {Disease}: {Diagnostic} {Classification} and {Prognostic} {Prediction} {Using} {Neuroimaging} {Data}},
	volume = {11},
	issn = {1663-4365},
	shorttitle = {Deep {Learning} in {Alzheimer}'s {Disease}},
	url = {https://www.ncbi.nlm.nih.gov/pmc/articles/PMC6710444/},
	doi = {10.3389/fnagi.2019.00220},
	urldate = {2021-03-17},
	journal = {Frontiers in Aging Neuroscience},
	author = {Jo, Taeho and Nho, Kwangsik and Saykin, Andrew J.},
	month = aug,
	year = {2019},
	pmid = {31481890},
	pmcid = {PMC6710444},
}


@article{qiuDevelopmentValidationInterpretable2020,
	title = {Development and validation of an interpretable deep learning framework for {Alzheimer}’s disease classification},
	volume = {143},
	issn = {0006-8950},
	url = {https://www.ncbi.nlm.nih.gov/pmc/articles/PMC7296847/},
	doi = {10.1093/brain/awaa137},
	month = jun,
	year = {2020},
	pmid = {32357201},
	pmcid = {PMC7296847},
	pages = {1920--1933},
}



@article{noorApplicationDeepLearning2020,
	title = {Application of deep learning in detecting neurological disorders from magnetic resonance images: a survey on the detection of {Alzheimer}’s disease, {Parkinson}’s disease and schizophrenia},
	volume = {7},
	issn = {2198-4026},
	shorttitle = {Application of deep learning in detecting neurological disorders from magnetic resonance images},
	url = {https://doi.org/10.1186/s40708-020-00112-2},
	doi = {10.1186/s40708-020-00112-2},
	number = {1},
	urldate = {2021-03-29},
	journal = {Brain Informatics},
	author = {Noor, Manan Binth Taj and Zenia, Nusrat Zerin and Kaiser, M. Shamim and Mamun, Shamim Al and Mahmud, Mufti},
	month = oct,
	year = {2020},
	keywords = {Alzheimer’s disease, Machine learning, Neuroimaging, Parkinson’s disease, Schizophrenia},
	pages = {11},
}

%%%%%%%%%%%%%%%%%%%%%%MISC -THeory%%%%%%%%%%%%%%%%%%%%%%%%%%%%%%%%%%%%
@article{westfall,
author = {Tal Yarkoni and Jacob Westfall},
title ={Choosing Prediction Over Explanation in Psychology: Lessons From Machine Learning},
journal = {Perspectives on Psychological Science},
volume = {12},
number = {6},
pages = {1100-1122},
year = {2017},
doi = {10.1177/1745691617693393},
    note ={PMID: 28841086},

URL = { 
        https://doi.org/10.1177/1745691617693393
    
},
eprint = { 
        https://doi.org/10.1177/1745691617693393
    
}
,
    }
@article{FOLSTEIN1975189,
title = {“Mini-mental state”: A practical method for grading the cognitive state of patients for the clinician},
journal = {Journal of Psychiatric Research},
volume = {12},
number = {3},
pages = {189-198},
year = {1975},
issn = {0022-3956},
doi = {https://doi.org/10.1016/0022-3956(75)90026-6},
url = {https://www.sciencedirect.com/science/article/pii/0022395675900266},
author = {Marshal F. Folstein and Susan E. Folstein and Paul R. McHugh}
}
@article{mechelliVoxelBasedMorphometryHuman2005,
  title = {Voxel-{{Based Morphometry}} of the {{Human Brain}}: {{Methods}} and {{Applications}}},
  shorttitle = {Voxel-{{Based Morphometry}} of the {{Human Brain}}},
  author = {Mechelli, Andrea and Price, Cathy and Friston, Karl and Ashburner, John},
  date = {2005-06-01},
  journaltitle = {Current Medical Imaging Reviews - CURR MED IMAGING REV},
  shortjournal = {Current Medical Imaging Reviews - CURR MED IMAGING REV},
  volume = {1},
  doi = {10.2174/1573405054038726},
  
}

@article{weiner2017alzheimer,
  title={The Alzheimer's Disease Neuroimaging Initiative 3: Continued innovation for clinical trial improvement},
  author={Weiner, Michael W and Veitch, Dallas P and Aisen, Paul S and Beckett, Laurel A and Cairns, Nigel J and Green, Robert C and Harvey, Danielle and Jack Jr, Clifford R and Jagust, William and Morris, John C and others},
  journal={Alzheimer's \& Dementia},
  volume={13},
  number={5},
  pages={561--571},
  year={2017},
  publisher={Elsevier}
}
@article{weiner2013alzheimer,
  title={The Alzheimer's Disease Neuroimaging Initiative: a review of papers published since its inception},
  author={Weiner, Michael W and Veitch, Dallas P and Aisen, Paul S and Beckett, Laurel A and Cairns, Nigel J and Green, Robert C and Harvey, Danielle and Jack, Clifford R and Jagust, William and Liu, Enchi and others},
  journal={Alzheimer's \& Dementia},
  volume={9},
  number={5},
  pages={e111--e194},
  year={2013},
  publisher={Elsevier}
}
@article{jack2008alzheimer,
  title={The Alzheimer's disease neuroimaging initiative (ADNI): MRI methods},
  author={Jack Jr, Clifford R and Bernstein, Matt A and Fox, Nick C and Thompson, Paul and Alexander, Gene and Harvey, Danielle and Borowski, Bret and Britson, Paula J and L. Whitwell, Jennifer and Ward, Chadwick and others},
  journal={Journal of Magnetic Resonance Imaging: An Official Journal of the International Society for Magnetic Resonance in Medicine},
  volume={27},
  number={4},
  pages={685--691},
  year={2008},
  publisher={Wiley Online Library}
}
@article{malone2013miriad,
  title={MIRIAD—Public release of a multiple time point Alzheimer's MR imaging dataset},
  author={Malone, Ian B and Cash, David and Ridgway, Gerard R and MacManus, David G and Ourselin, Sebastien and Fox, Nick C and Schott, Jonathan M},
  journal={NeuroImage},
  volume={70},
  pages={33--36},
  year={2013},
  publisher={Elsevier}
}
@article{kurdi2017introducing,
  title={Introducing the open affective standardized image set (OASIS)},
  author={Kurdi, Benedek and Lozano, Shayn and Banaji, Mahzarin R},
  journal={Behavior research methods},
  volume={49},
  number={2},
  pages={457--470},
  year={2017},
  publisher={Springer}
}

@article{wensup,
  title = {Convolutional {{Neural Networks}} for {{Classification}} of {{Alzheimer}}’s {{Disease}}: {{Overview}} and {{Reproducible Evaluation Supplementary Material}}},
  author = {Wen, Junhao and Thibeau-Sutre, Elina and Diaz-Melo, Mauricio and Samper, Jorge and Routier, Alexandre and Bottani, Simona and Dormont, Didier and Burgos, Ninon and Colliot, Olivier},
  pages = {24},
  year = {2020b},
 
  langid = {english}
}
@article{szeEfficientProcessingDeep2017,
  title = {Efficient {{Processing}} of {{Deep Neural Networks}}: {{A Tutorial}} and {{Survey}}},
  shorttitle = {Efficient {{Processing}} of {{Deep Neural Networks}}},
  author = {Sze, Vivienne and Chen, Yu-Hsin and Yang, Tien-Ju and Emer, Joel S.},
  date = {2017-12},
  journaltitle = {Proceedings of the IEEE},
  volume = {105},
  pages = {2295--2329},
  issn = {1558-2256},
  doi = {10.1109/JPROC.2017.2761740},
  eventtitle = {Proceedings of the {{IEEE}}},
  number = {12}
}
@article{groppeMassUnivariateAnalysis2011,
  title = {Mass Univariate Analysis of Event-Related Brain Potentials/Fields {{I}}: {{A}} Critical Tutorial Review},
  shorttitle = {Mass Univariate Analysis of Event-Related Brain Potentials/Fields {{I}}},
  author = {Groppe, David M. and Urbach, Thomas P. and Kutas, Marta},
  date = {2011},
  journaltitle = {Psychophysiology},
  volume = {48},
  pages = {1711--1725},
  issn = {1469-8986},
  doi = {10.1111/j.1469-8986.2011.01273.x},
  url = {https://onlinelibrary.wiley.com/doi/abs/10.1111/j.1469-8986.2011.01273.x},
  urldate = {2021-04-14},
  
}
@article{introtostat,
author = {Nordhausen, Klaus},
title = {An Introduction to Statistical Learning—with Applications in R by Gareth James, Daniela Witten, Trevor Hastie \& Robert Tibshirani},
journal = {International Statistical Review},
volume = {82},
number = {1},
pages = {156-157},
doi = {https://doi.org/10.1111/insr.12051\_19},
url = {https://onlinelibrary.wiley.com/doi/abs/10.1111/insr.12051_19},
eprint = {https://onlinelibrary.wiley.com/doi/pdf/10.1111/insr.12051_19},
year = {2014}
}

@article{biswalDiscoveryScienceHuman2010,
  title = {Toward Discovery Science of Human Brain Function},
  author = {Biswal, Bharat B. and Mennes, Maarten and Zuo, Xi-Nian and Gohel, Suril and Kelly, Clare and Smith, Steve M. and Beckmann, Christian F. and Adelstein, Jonathan S. and Buckner, Randy L. and Colcombe, Stan and Dogonowski, Anne-Marie and Ernst, Monique and Fair, Damien and Hampson, Michelle and Hoptman, Matthew J. and Hyde, James S. and Kiviniemi, Vesa J. and Kötter, Rolf and Li, Shi-Jiang and Lin, Ching-Po and Lowe, Mark J. and Mackay, Clare and Madden, David J. and Madsen, Kristoffer H. and Margulies, Daniel S. and Mayberg, Helen S. and McMahon, Katie and Monk, Christopher S. and Mostofsky, Stewart H. and Nagel, Bonnie J. and Pekar, James J. and Peltier, Scott J. and Petersen, Steven E. and Riedl, Valentin and Rombouts, Serge A. R. B. and Rypma, Bart and Schlaggar, Bradley L. and Schmidt, Sein and Seidler, Rachael D. and Siegle, Greg J. and Sorg, Christian and Teng, Gao-Jun and Veijola, Juha and Villringer, Arno and Walter, Martin and Wang, Lihong and Weng, Xu-Chu and Whitfield-Gabrieli, Susan and Williamson, Peter and Windischberger, Christian and Zang, Yu-Feng and Zhang, Hong-Ying and Castellanos, F. Xavier and Milham, Michael P.},
  date = {2010-03-09},
  journaltitle = {Proceedings of the National Academy of Sciences},
  shortjournal = {PNAS},
  volume = {107},
  pages = {4734--4739},
  publisher = {{National Academy of Sciences}},
  issn = {0027-8424, 1091-6490},
  doi = {10.1073/pnas.0911855107},
  url = {https://www.pnas.org/content/107/10/4734},
  urldate = {2021-04-14},
  number = {10}
}
@article{foxHumanBrainIntrinsically2005,
  title = {The Human Brain Is Intrinsically Organized into Dynamic, Anticorrelated Functional Networks},
  author = {Fox, Michael D. and Snyder, Abraham Z. and Vincent, Justin L. and Corbetta, Maurizio and Van Essen, David C. and Raichle, Marcus E.},
  date = {2005-07-05},
  journaltitle = {Proceedings of the National Academy of Sciences of the United States of America},
  shortjournal = {Proc Natl Acad Sci U S A},
  volume = {102},
  pages = {9673--9678},
  issn = {0027-8424},
  doi = {10.1073/pnas.0504136102},
  number = {27},
  pmcid = {PMC1157105}
}
@article{naikDenouementsMachineLearning2020,
  title = {Denouements of Machine Learning and Multimodal Diagnostic Classification of {{Alzheimer}}’s Disease},
  author = {Naik, Binny and Mehta, Ashir and Shah, Manan},
  date = {2020-11-05},
  journaltitle = {Visual Computing for Industry, Biomedicine, and Art},
  shortjournal = {Vis Comput Ind Biomed Art},
  volume = {3},
  issn = {2096-496X},
  doi = {10.1186/s42492-020-00062-w},
  url = {https://www.ncbi.nlm.nih.gov/pmc/articles/PMC7642580/},
  urldate = {2021-04-14},

}

%%%%%%%%%%%%%%%%%%%%%%%%%%%%%%%%%Theorie%%%%%%%%%%%%%%%%%%%%%%%%%%%%%%%%%%
@article{perez2017effectiveness,
  title={The effectiveness of data augmentation in image classification using deep learning},
  author={Perez, Luis and Wang, Jason},
  journal={arXiv preprint arXiv:1712.04621},
  year={2017}
}
@article{lecun1989backpropagation,
  title={Backpropagation applied to handwritten zip code recognition},
  author={LeCun, Yann and Boser, Bernhard and Denker, John S and Henderson, Donnie and Howard, Richard E and Hubbard, Wayne and Jackel, Lawrence D},
  journal={Neural computation},
  volume={1},
  number={4},
  pages={541--551},
  year={1989},
  publisher={MIT Press}
}
@article{lecunDeepLearning2015a,
  title = {Deep Learning},
  author = {LeCun, Yann and Bengio, Yoshua and Hinton, Geoffrey},
  date = {2015-05},
  journaltitle = {Nature},
  volume = {521},
  pages = {436--444},
  publisher = {{Nature Publishing Group}},
  issn = {1476-4687},
  doi = {10.1038/nature14539},
  url = {https://www.nature.com/articles/nature14539},
  urldate = {2021-04-13},
  issue = {7553},
  langid = {english},
  number = {7553}
}

@article{vieiraUsingDeepLearning2017,
  title = {Using Deep Learning to Investigate the Neuroimaging Correlates of Psychiatric and Neurological Disorders: {{Methods}} and Applications},
  shorttitle = {Using Deep Learning to Investigate the Neuroimaging Correlates of Psychiatric and Neurological Disorders},
  author = {Vieira, Sandra and Pinaya, Walter H. L. and Mechelli, Andrea},
  date = {2017-03-01},
  journaltitle = {Neuroscience \& Biobehavioral Reviews},
  shortjournal = {Neuroscience \& Biobehavioral Reviews},
  volume = {74},
  pages = {58--75},
  issn = {0149-7634},
  doi = {10.1016/j.neubiorev.2017.01.002},
  url = {https://www.sciencedirect.com/science/article/pii/S0149763416305176},
  urldate = {2021-03-29},
  
}
@article{ebrahimighahnaviehDeepLearningDetect2020,
	title = {Deep learning to detect {Alzheimer}'s disease from neuroimaging: {A} systematic literature review},
	volume = {187},
	issn = {0169-2607},
	shorttitle = {Deep learning to detect {Alzheimer}'s disease from neuroimaging},
	url = {https://www.sciencedirect.com/science/article/pii/S0169260719310946},
	doi = {10.1016/j.cmpb.2019.105242},
	language = {en},
	urldate = {2021-03-22},
	journal = {Computer Methods and Programs in Biomedicine},
	author = {Ebrahimighahnavieh, Mr Amir and Luo, Suhuai and Chiong, Raymond},
	month = apr,
	year = {2020},
	keywords = {Alzheimer's disease, Auto-encoders, Convolutional neural networks, Deep learning, Recurrent neural networks, Transfer learning},
	pages = {105242},
}
@article{tanveerMachineLearningTechniques2020,
  title = {Machine {{Learning Techniques}} for the {{Diagnosis}} of {{Alzheimer}}’s {{Disease}}: {{A Review}}},
  shorttitle = {Machine {{Learning Techniques}} for the {{Diagnosis}} of {{Alzheimer}}’s {{Disease}}},
  author = {Tanveer, M. and Richhariya, B. and Khan, R. U. and Rashid, A. H. and Khanna, P. and Prasad, M. and Lin, C. T.},
  date = {2020-04-28},
  journaltitle = {ACM Transactions on Multimedia Computing, Communications, and Applications},
  shortjournal = {ACM Trans. Multimedia Comput. Commun. Appl.},
  volume = {16},
  pages = {1--35},
  issn = {1551-6857, 1551-6865},
  doi = {10.1145/3344998},
  url = {https://dl.acm.org/doi/10.1145/3344998},
  urldate = {2021-03-31},
}
@book{bishop2006pattern,
  title={Pattern recognition and machine learning},
  author={Bishop, Christopher M},
  year={2006},
  publisher={springer}
}

@article{toshkhujaevClassificationAlzheimerDisease2020,
  title = {Classification of {{Alzheimer}}'s {{Disease}} and {{Mild Cognitive Impairment Based}} on {{Cortical}} and {{Subcortical Features}} from {{MRI T1 Brain Images Utilizing Four Different Types}} of {{Datasets}}},
  author = {Toshkhujaev, Saidjalol and Lee, Kun Ho and Choi, Kyu Yeong and Lee, Jang Jae and Kwon, Goo-Rak and Gupta, Yubraj and Lama, Ramesh Kumar},
  date = {2020-09-01},
  journaltitle = {Journal of Healthcare Engineering},
  shortjournal = {J Healthc Eng},
  volume = {2020},
  issn = {2040-2295},
  doi = {10.1155/2020/3743171},
  url = {https://www.ncbi.nlm.nih.gov/pmc/articles/PMC7482016/},
  urldate = {2021-04-14},
  
}
@article{tohkaComparisonFeatureSelection2016,
  title = {Comparison of {{Feature Selection Techniques}} in {{Machine Learning}} for {{Anatomical Brain MRI}} in {{Dementia}}},
  author = {Tohka, Jussi and Moradi, Elaheh and Huttunen, Heikki and {Alzheimer’s Disease Neuroimaging Initiative}},
  date = {2016-07-01},
  journaltitle = {Neuroinformatics},
  shortjournal = {Neuroinform},
  volume = {14},
  pages = {279--296},
  issn = {1559-0089},
  doi = {10.1007/s12021-015-9292-3},
  url = {https://doi.org/10.1007/s12021-015-9292-3},
  urldate = {2021-04-19},
  
  number = {3}
}
@article{liComparisonMachineLearning2021,
  title = {Comparison of Machine Learning Approaches for Enhancing {{Alzheimer}}’s Disease Classification},
  author = {Li, Qi and Yang, Mary Qu},
  date = {2021-02-25},
  journaltitle = {PeerJ},
  shortjournal = {PeerJ},
  volume = {9},
  issn = {2167-8359},
  doi = {10.7717/peerj.10549},
  url = {https://www.ncbi.nlm.nih.gov/pmc/articles/PMC7916537/},
  urldate = {2021-04-14},
}
@article{pereiraMachineLearningClassifiers2009,
  title = {Machine Learning Classifiers and {{fMRI}}: {{A}} Tutorial Overview},
  shorttitle = {Machine Learning Classifiers and {{fMRI}}},
  author = {Pereira, Francisco and Mitchell, Tom and Botvinick, Matthew},
  date = {2009-03-01},
  journaltitle = {NeuroImage},
  shortjournal = {NeuroImage},
  volume = {45},
  pages = {S199-S209},
  issn = {1053-8119},
  doi = {10.1016/j.neuroimage.2008.11.007},
  url = {https://www.sciencedirect.com/science/article/pii/S1053811908012263},
  urldate = {2021-04-19},
  issue = {1, Supplement 1},
  langid = {english},
  series = {Mathematics in {{Brain Imaging}}}
}


@article{shalevbook,
author = {Shalev-Shwartz, Shai and Ben-David, Shai},
year = {2013},
month = {01},
pages = {},
title = {Understanding machine learning. From theory to algorithms},
journal = {Understanding Machine Learning: From Theory to Algorithms},
doi = {10.1017/CBO9781107298019}
}

@article{burges1998tutorial,
  title={A tutorial on support vector machines for pattern recognition},
  author={Burges, Christopher JC},
  journal={Data mining and knowledge discovery},
  volume={2},
  number={2},
  pages={121--167},
  year={1998},
  publisher={Springer}
}

@book{natureofstat,
publisher = {Springer},
series = {Statistics for engineering and information science},
author = {Vapnik, Vladimir Naumovich},
address = {New York [etc},
edition = {Second ed.},
isbn = {0387987800},
title = {The nature of statistical learning theory},
keywords = {généralisation},
language = {eng},
year = {2000},
}
@book{deeplearningav,
publisher = {The MIT Press},
series = {Adaptive computation and machine learning},
abstract = {An introduction to a broad range of topics in deep learning, covering mathematical and conceptual background, deep learning techniques used in industry, and research perspectives.},
author = {Goodfellow, Ian and Bengio, Yoshua and Courville, Aaron},
address = {London, England},
isbn = {9780262035613},
title = {Deep learning},
keywords = {Mensch-Maschine-Kommunikation ; Lernen ; Machine learning},
language = {eng},
year = {2016},
}

@book{foundationof,
publisher = {The MIT Press},
series = {Adaptive computation and machine learning},
author = {Mohri, Mehryar},
address = {Cambridge, MA},
edition = {Second edition},
isbn = {0262039400},
title = {Foundations of machine learning},
keywords = {BOOSTING (MATHEMATISCHE STATISTIK)},
language = {eng},
lccn = {2018022812},
year = {2018},
}
@book{introdeep,
publisher = {Springer},
series = {Undergraduate topics in computer science},
author = {Skansi, Sandro},
address = {Cham, Switzerland},
booktitle = {Introduction to deep learning from logical calculus to artificial intelligence},
copyright = {DNB 20181123},
isbn = {9783319730035},
title = {Introduction to deep learning : from logical calculus to artificial intelligence},
keywords = {Deep learning},
language = {eng},
year = {2018},
}

%%%%%%%%%%%%%%%%%%%%%%%%%%%%%Resultate""%%%%%%%%%%%%%%%%%%%%%

%%%%%%%%%%%%%%%%%%%%%%%ML%%%%%%%%%
@article{pengStructuredSparsityRegularized2019,
  title = {Structured Sparsity Regularized Multiple Kernel Learning for {{Alzheimer}}’s Disease Diagnosis},
  author = {Peng, Jialin and Zhu, Xiaofeng and Wang, Ye and An, Le and Shen, Dinggang},
  date = {2019-04-01},
  journaltitle = {Pattern Recognition},
  shortjournal = {Pattern Recognition},
  volume = {88},
  pages = {370--382},
  issn = {0031-3203},
  doi = {10.1016/j.patcog.2018.11.027},
  url = {https://www.sciencedirect.com/science/article/pii/S0031320318304151},
  urldate = {2021-04-19},
  
}

@article{alam2017,
author = {Alam, Saruar and Kwon, Goo-Rak and The Alzheimer's Disease Neuroimaging Initiative},
title = {Alzheimer disease classification using KPCA, LDA, and multi-kernel learning SVM},
journal = {International Journal of Imaging Systems and Technology},
volume = {27},
number = {2},
pages = {133-143},
keywords = {FreeSurfer, CIVET, KPCA, PCA, LDA, MK-SVM},
doi = {https://doi.org/10.1002/ima.22217},
url = {https://onlinelibrary.wiley.com/doi/abs/10.1002/ima.22217},
year = {2017}
}


@article{akramifardEmphasisLearningFeatures2020,
  title = {Emphasis {{Learning}}, {{Features Repetition}} in {{Width Instead}} of {{Length}} to {{Improve Classification Performance}}: {{Case Study}}—{{Alzheimer}}’s {{Disease Diagnosis}}},
  shorttitle = {Emphasis {{Learning}}, {{Features Repetition}} in {{Width Instead}} of {{Length}} to {{Improve Classification Performance}}},
  author = {Akramifard, Hamid and Balafar, MohammadAli and Razavi, SeyedNaser and Ramli, Abd Rahman},
  date = {2020-01},
  journaltitle = {Sensors},
  volume = {20},
  pages = {941},
  publisher = {{Multidisciplinary Digital Publishing Institute}},
  doi = {10.3390/s20030941},
  url = {https://www.mdpi.com/1424-8220/20/3/941},
  urldate = {2021-05-03},
  issue = {3},
  keywords = {Alzheimer’s disease,Emphasis Learning,multi-modal classification,PCA,SVM},
  langid = {english},
  number = {3}
}

@article{alamAlzheimerDiseaseClassification2017,
  title = {Alzheimer Disease Classification Using {{KPCA}}, {{LDA}}, and Multi-Kernel Learning {{SVM}}},
  author = {Alam, Saruar and Kwon, Goo-Rak},
  date = {2017},
  journaltitle = {International Journal of Imaging Systems and Technology},
  volume = {27},
  pages = {133--143},
  issn = {1098-1098},
  doi = {10.1002/ima.22217},
  url = {https://onlinelibrary.wiley.com/doi/abs/10.1002/ima.22217},
  urldate = {2021-04-22},
  langid = {english},
  number = {2}
}

@article{haoMultimodalNeuroimagingFeature2020,
  title = {Multi-Modal Neuroimaging Feature Selection with Consistent Metric Constraint for Diagnosis of {{Alzheimer}}'s Disease},
  author = {Hao, Xiaoke and Bao, Yongjin and Guo, Yingchun and Yu, Ming and Zhang, Daoqiang and Risacher, Shannon L. and Saykin, Andrew J. and Yao, Xiaohui and Shen, Li},
  date = {2020-02-01},
  journaltitle = {Medical Image Analysis},
  shortjournal = {Medical Image Analysis},
  volume = {60},
  pages = {101625},
  issn = {1361-8415},
  doi = {10.1016/j.media.2019.101625},
  url = {https://www.sciencedirect.com/science/article/pii/S1361841519301616},
  urldate = {2021-05-04},
  langid = {english}
}

@article{khatriEfficientCombinationSMRI2020a,
  title = {An {{Efficient Combination}} among {{sMRI}}, {{CSF}}, {{Cognitive Score}}, and {{APOE}} Ε4 {{Biomarkers}} for {{Classification}} of {{AD}} and {{MCI Using Extreme Learning Machine}}},
  author = {Khatri, Uttam and Kwon, Goo-Rak},
  date = {2020-06-04},
  journaltitle = {Computational Intelligence and Neuroscience},
  volume = {2020},
  pages = {e8015156},
  publisher = {{Hindawi}},
  issn = {1687-5265},
  doi = {10.1155/2020/8015156},
  url = {https://www.hindawi.com/journals/cin/2020/8015156/},
  urldate = {2021-05-04},
  
  langid = {english}
}

@article{liPredictionClinicalBiomarker2020,
  title = {Prediction of Clinical and Biomarker Conformed {{Alzheimer}}’s Disease and Mild Cognitive Impairment from Multi-Feature Brain Structural {{MRI}} Using Age-Correction from a Large Independent Lifespan Sample},
  author = {Li, Binyin and Zhang, Miao and Riphagen, Joost and Morrison Yochim, Kathryn and Li, Biao and Liu, Jun and Salat, David H.},
  date = {2020-01-01},
  journaltitle = {NeuroImage: Clinical},
  shortjournal = {NeuroImage: Clinical},
  volume = {28},
  pages = {102387},
  issn = {2213-1582},
  doi = {10.1016/j.nicl.2020.102387},
  url = {https://www.sciencedirect.com/science/article/pii/S2213158220302242},
  urldate = {2021-05-03},
 
  langid = {english}
}
@article{pengStructuredSparsityRegularized2019,
  title = {Structured Sparsity Regularized Multiple Kernel Learning for {{Alzheimer}}’s Disease Diagnosis},
  author = {Peng, Jialin and Zhu, Xiaofeng and Wang, Ye and An, Le and Shen, Dinggang},
  date = {2019-04-01},
  journaltitle = {Pattern Recognition},
  shortjournal = {Pattern Recognition},
  volume = {88},
  pages = {370--382},
  issn = {0031-3203},
  doi = {10.1016/j.patcog.2018.11.027},
  url = {https://www.sciencedirect.com/science/article/pii/S0031320318304151},
  urldate = {2021-04-19},
  langid = {english}
}

@article{richhariyaDiagnosisAlzheimerDisease2020,
  title = {Diagnosis of {{Alzheimer}}'s Disease Using Universum Support Vector Machine Based Recursive Feature Elimination ({{USVM}}-{{RFE}})},
  author = {Richhariya, B. and Tanveer, M. and Rashid, A. H.},
  date = {2020-05-01},
  journaltitle = {Biomedical Signal Processing and Control},
  shortjournal = {Biomedical Signal Processing and Control},
  volume = {59},
  pages = {101903},
  issn = {1746-8094},
  doi = {10.1016/j.bspc.2020.101903},
  url = {https://www.sciencedirect.com/science/article/pii/S1746809420300598},
  urldate = {2021-05-04},
  langid = {english}
}

@article{syaifullahMachineLearningDiagnosis2021,
  title = {Machine {{Learning}} for {{Diagnosis}} of {{AD}} and {{Prediction}} of {{MCI Progression From Brain MRI Using Brain Anatomical Analysis Using Diffeomorphic Deformation}}},
  author = {Syaifullah, Ali Haidar and Shiino, Akihiko and Kitahara, Hitoshi and Ito, Ryuta and Ishida, Manabu and Tanigaki, Kenji},
  date = {2021},
  journaltitle = {Frontiers in Neurology},
  shortjournal = {Front. Neurol.},
  volume = {11},
  publisher = {{Frontiers}},
  issn = {1664-2295},
  doi = {10.3389/fneur.2020.576029},
  url = {https://www.frontiersin.org/articles/10.3389/fneur.2020.576029/full},
  urldate = {2021-04-30},
  langid = {english}
}
@article{SAMPERGONZALEZ2018504,
title = {Reproducible evaluation of classification methods in Alzheimer's disease: Framework and application to MRI and PET data},
journal = {NeuroImage},
volume = {183},
pages = {504-521},
year = {2018},
issn = {1053-8119},
doi = {https://doi.org/10.1016/j.neuroimage.2018.08.042},
url = {https://www.sciencedirect.com/science/article/pii/S1053811918307407},
author = {Jorge Samper-González and Ninon Burgos and Simona Bottani and Sabrina Fontanella and Pascal Lu and Arnaud Marcoux and Alexandre Routier and Jérémy Guillon and Michael Bacci and Junhao Wen and Anne Bertrand and Hugo Bertin and Marie-Odile Habert and Stanley Durrleman and Theodoros Evgeniou and Olivier Colliot},

}
@article{zhouUseSparseResponseDeep2021,
  title = {Use of a {{Sparse}}-{{Response Deep Belief Network}} and {{Extreme Learning Machine}} to {{Discriminate Alzheimer}}'s {{Disease}}, {{Mild Cognitive Impairment}}, and {{Normal Controls Based}} on {{Amyloid PET}}/{{MRI Images}}},
  author = {Zhou, Ping and Jiang, Shuqing and Yu, Lun and Feng, Yabo and Chen, Chuxin and Li, Fang and Liu, Yang and Huang, Zhongxiong},
  date = {2021},
  journaltitle = {Frontiers in Medicine},
  shortjournal = {Front. Med.},
  volume = {7},
  publisher = {{Frontiers}},
  issn = {2296-858X},
  doi = {10.3389/fmed.2020.621204},
  url = {https://www.frontiersin.org/articles/10.3389/fmed.2020.621204/full},
  urldate = {2021-05-04},
  langid = {english}
}

%%%%%%%%%%%%%%%%%%%%%%%%%%%%%%%%%%%%%%%%%%%%DL

@article{liuMultiModalityCascadedConvolutional2018,
  title = {Multi-{{Modality Cascaded Convolutional Neural Networks}} for {{Alzheimer}}’s {{Disease Diagnosis}}},
  author = {Liu, Manhua and Cheng, Danni and Wang, Kundong and Wang, Yaping and {the Alzheimer’s Disease Neuroimaging Initiative}},
  date = {2018-10-01},
  journaltitle = {Neuroinformatics},
  shortjournal = {Neuroinform},
  volume = {16},
  pages = {295--308},
  issn = {1559-0089},
  doi = {10.1007/s12021-018-9370-4},
  url = {https://doi.org/10.1007/s12021-018-9370-4},
  urldate = {2021-05-06},
  
  number = {3}
}

@article{liuMultimodelDeepConvolutional2020a,
  title = {A Multi-Model Deep Convolutional Neural Network for Automatic Hippocampus Segmentation and Classification in {{Alzheimer}}’s Disease},
  author = {Liu, Manhua and Li, Fan and Yan, Hao and Wang, Kundong and Ma, Yixin and Shen, Li and Xu, Mingqing},
  date = {2020-03-01},
  journaltitle = {NeuroImage},
  shortjournal = {NeuroImage},
  volume = {208},
  pages = {116459},
  issn = {1053-8119},
  doi = {10.1016/j.neuroimage.2019.116459},
  url = {https://www.sciencedirect.com/science/article/pii/S105381191931050X},
  urldate = {2021-05-06},
  
  langid = {english}
}

@article{nanniComparisonTransferLearning2020,
  title = {Comparison of {{Transfer Learning}} and {{Conventional Machine Learning Applied}} to {{Structural Brain MRI}} for the {{Early Diagnosis}} and {{Prognosis}} of {{Alzheimer}}'s {{Disease}}},
  author = {Nanni, Loris and Interlenghi, Matteo and Brahnam, Sheryl and Salvatore, Christian and Papa, Sergio and Nemni, Raffaello and Castiglioni, Isabella},
  date = {2020-11-05},
  journaltitle = {Frontiers in Neurology},
  shortjournal = {Front Neurol},
  volume = {11},
  issn = {1664-2295},
  doi = {10.3389/fneur.2020.576194},
  url = {https://www.ncbi.nlm.nih.gov/pmc/articles/PMC7674838/},
  urldate = {2021-04-14},
  
  eprint = {33250847},
  eprinttype = {pmid},
  
  pmcid = {PMC7674838}
}

@article{wangDenseCNNDenselyConnected2021,
  title = {{{DenseCNN}}: {{A Densely Connected CNN Model}} for {{Alzheimer}}'s {{Disease Classification Based}} on {{Hippocampus MRI Data}}},
  shorttitle = {{{DenseCNN}}},
  author = {Wang, Qinyong and Li, Yanshu and Zheng, Chunlei and Xu, Rong},
  date = {2021-01-25},
  journaltitle = {AMIA Annual Symposium Proceedings},
  shortjournal = {AMIA Annu Symp Proc},
  volume = {2020},
  pages = {1277--1286},
  issn = {1942-597X},
  url = {https://www.ncbi.nlm.nih.gov/pmc/articles/PMC8075423/},
  urldate = {2021-05-06},
  
  eprint = {33936504},
  eprinttype = {pmid},
  file = {C\:\\Users\\olive\\Zotero\\storage\\US55DXGR\\Wang et al. - 2021 - DenseCNN A Densely Connected CNN Model for Alzhei.pdf},
  pmcid = {PMC8075423}
}

@article{wenConvolutionalNeuralNetworks2020,
  title = {Convolutional Neural Networks for Classification of {{Alzheimer}}'s Disease: {{Overview}} and Reproducible Evaluation},
  shorttitle = {Convolutional Neural Networks for Classification of {{Alzheimer}}'s Disease},
  author = {Wen, Junhao and Thibeau-Sutre, Elina and Diaz-Melo, Mauricio and Samper-González, Jorge and Routier, Alexandre and Bottani, Simona and Dormont, Didier and Durrleman, Stanley and Burgos, Ninon and Colliot, Olivier},
  %date = {2020-07-01},
  year = {2020a},
  journaltitle = {Medical Image Analysis},
  shortjournal = {Medical Image Analysis},
  volume = {63},
  pages = {101694},
  issn = {1361-8415},
  doi = {10.1016/j.media.2020.101694},
  url = {https://www.sciencedirect.com/science/article/pii/S1361841520300591},
  urldate = {2021-04-14},
  
  langid = {english}
}
@dataset{wen_junhao_2019_3491003,
  author       = {Wen, Junhao and
                  Thibeau--Sutre, Elina and
                  Diaz-Melo, Mauricio and
                  Samper-González, Jorge and
                  Routier, Alexandre and
                  Bottani, Simona and
                  Dormont, Didier and
                  Durrleman, Stanley and
                  Burgos, Ninon and
                  Colliot, Olivier},
  title        = {{Convolutional Neural Networks for Classification 
                   of Alzheimer's Disease: Overview and Reproducible
                   Evaluation [Models]}},
  month        = oct,
  year         = 2019,
  publisher    = {Zenodo},
  doi          = {10.5281/zenodo.3491003},
  url          = {https://doi.org/10.5281/zenodo.3491003}
}
@article{yeeConstructionMRIBasedAlzheimer2021,
  title = {Construction of {{MRI}}-{{Based Alzheimer}}’s {{Disease Score Based}} on {{Efficient 3D Convolutional Neural Network}}: {{Comprehensive Validation}} on 7,902 {{Images}} from a {{Multi}}-{{Center Dataset}}},
  shorttitle = {Construction of {{MRI}}-{{Based Alzheimer}}’s {{Disease Score Based}} on {{Efficient 3D Convolutional Neural Network}}},
  author = {Yee, Evangeline and Ma, Da and Popuri, Karteek and Wang, Lei and Beg, Mirza Faisal and Initiative, {and} for the Alzheimer’s Disease Neuroimaging and flagship study of Ageing, {and} the Australian Imaging Biomarkers {and} Lifestyle},
  date = {2021-01-01},
  journaltitle = {Journal of Alzheimer's Disease},
  volume = {79},
  pages = {47--58},
  publisher = {{IOS Press}},
  issn = {1387-2877},
  doi = {10.3233/JAD-200830},
  url = {https://content.iospress.com/articles/journal-of-alzheimers-disease/jad200830},
  urldate = {2021-05-05},
 
  langid = {english},
  number = {1}
}


@article{gausover,
title = {An empirical overview of nonlinearity and overfitting in machine learning using COVID-19 data},
journal = {Chaos, Solitons & Fractals},
volume = {139},
pages = {110055},
year = {2020},
issn = {0960-0779},
doi = {https://doi.org/10.1016/j.chaos.2020.110055},
url = {https://www.sciencedirect.com/science/article/pii/S0960077920304525},
author = {Yaohao Peng and Mateus Hiro Nagata},
keywords = {Bias-variance dilemma, Time series prediction, Support vector machine, Statistical learning, Hyperparameters and chaos, Epidemic spreading},
}

@article{pellegriniMachineLearningNeuroimaging2018,
  title = {Machine Learning of Neuroimaging for Assisted Diagnosis of Cognitive Impairment and Dementia: {{A}} Systematic Review},
  shorttitle = {Machine Learning of Neuroimaging for Assisted Diagnosis of Cognitive Impairment and Dementia},
  author = {Pellegrini, Enrico and Ballerini, Lucia and Hernandez, Maria Del C. Valdes and Chappell, Francesca M. and González-Castro, Victor and Anblagan, Devasuda and Danso, Samuel and Muñoz-Maniega, Susana and Job, Dominic and Pernet, Cyril and Mair, Grant and MacGillivray, Tom J. and Trucco, Emanuele and Wardlaw, Joanna M.},
  date = {2018},
  journaltitle = {Alzheimer's \& Dementia (Amsterdam, Netherlands)},
  shortjournal = {Alzheimers Dement (Amst)},
  volume = {10},
  pages = {519--535},
  issn = {2352-8729},
  doi = {10.1016/j.dadm.2018.07.004},
  
eprint = {30364671},
  eprinttype = {pmid},
  
  pmcid = {PMC6197752}
}
@article {Petersen201,
	author = {Petersen, R. C. and Aisen, P. S. and Beckett, L. A. and Donohue, M. C. and Gamst, A. C. and Harvey, D. J. and Jack, C. R. and Jagust, W. J. and Shaw, L. M. and Toga, A. W. and Trojanowski, J. Q. and Weiner, M. W.},
	title = {Alzheimer{\textquoteright}s Disease Neuroimaging Initiative (ADNI)},
	volume = {74},
	number = {3},
	pages = {201--209},
	year = {2010},
	doi = {10.1212/WNL.0b013e3181cb3e25},
	publisher = {Wolters Kluwer Health, Inc. on behalf of the American Academy of Neurology},
	
	issn = {0028-3878},
	URL = {https://n.neurology.org/content/74/3/201},
	eprint = {https://n.neurology.org/content/74/3/201.full.pdf},
	journal = {Neurology}
}
@article{bron,
title = {Standardized evaluation of algorithms for computer-aided diagnosis of dementia based on structural MRI: The CADDementia challenge},
journal = {NeuroImage},
volume = {111},
pages = {562-579},
year = {2015},
issn = {1053-8119},
doi = {https://doi.org/10.1016/j.neuroimage.2015.01.048},
url = {https://www.sciencedirect.com/science/article/pii/S1053811915000737},
author = {Esther E. Bron and Marion Smits and Wiesje M. {van der Flier} and Hugo Vrenken and Frederik Barkhof and Philip Scheltens and Janne M. Papma and Rebecca M.E. Steketee and Carolina {Méndez Orellana} and Rozanna Meijboom and Madalena Pinto and Joana R. Meireles and Carolina Garrett and António J. Bastos-Leite and Ahmed Abdulkadir and Olaf Ronneberger and Nicola Amoroso and Roberto Bellotti and David Cárdenas-Peña and Andrés M. Álvarez-Meza and Chester V. Dolph and Khan M. Iftekharuddin and Simon F. Eskildsen and Pierrick Coupé and Vladimir S. Fonov and Katja Franke and Christian Gaser and Christian Ledig and Ricardo Guerrero and Tong Tong and Katherine R. Gray and Elaheh Moradi and Jussi Tohka and Alexandre Routier and Stanley Durrleman and Alessia Sarica and Giuseppe {Di Fatta} and Francesco Sensi and Andrea Chincarini and Garry M. Smith and Zhivko V. Stoyanov and Lauge Sørensen and Mads Nielsen and Sabina Tangaro and Paolo Inglese and Christian Wachinger and Martin Reuter and John C. {van Swieten} and Wiro J. Niessen and Stefan Klein},
keywords = {Alzheimer's disease, Challenge, Classification, Computer-aided diagnosis, Mild cognitive impairment, Structural MRI},
}

@incollection{BORST202015,
title = {2 - Evidence-Based Practice: The Basic Tools},
editor = {Christine M. Wietlisbach},
booktitle = {Cooper's Fundamentals of Hand Therapy (Third Edition)},
publisher = {Mosby},
edition = {Third Edition},
address = {St. Louis (MO)},
pages = {15-20},
year = {2020},
isbn = {978-0-323-52479-7},
doi = {https://doi.org/10.1016/B978-0-323-52479-7.00002-8},
url = {https://www.sciencedirect.com/science/article/pii/B9780323524797000028},
author = {Michael John Borst}
}